<record><leader>00000cas a2200000 a 4500</leader><controlfield tag="001">6674468</controlfield><controlfield tag="008">800902d18661938nyuwr ne      0   a0eng c</controlfield><datafield ind1=" " ind2=" " tag="010"><subfield code="a">sn 97066043 </subfield></datafield><datafield ind1=" " ind2=" " tag="040"><subfield code="a">BTI</subfield><subfield code="b">eng</subfield><subfield code="c">BTI</subfield><subfield code="d">BTI</subfield><subfield code="d">IUL</subfield><subfield code="d">NYG</subfield><subfield code="d">DLC</subfield><subfield code="d">NYS</subfield><subfield code="d">NVK</subfield><subfield code="d">NVF</subfield><subfield code="d">ATL</subfield><subfield code="d">NVF</subfield><subfield code="d">NYS</subfield><subfield code="d">GUA</subfield><subfield code="d">DLC</subfield><subfield code="d">OCLCQ</subfield><subfield code="d">OCLCF</subfield><subfield code="d">OCLCO</subfield></datafield><datafield ind1=" " ind2=" " tag="012"><subfield code="l">1</subfield></datafield><datafield ind1="0" ind2=" " tag="022"><subfield code="a">2157-569X</subfield><subfield code="2">1</subfield></datafield><datafield ind1="1" ind2=" " tag="029"><subfield code="a">AU@</subfield><subfield code="b">000013713183</subfield></datafield><datafield ind1=" " ind2=" " tag="042"><subfield code="a">pcc</subfield><subfield code="a">nsdp</subfield></datafield><datafield ind1=" " ind2=" " tag="043"><subfield code="a">n-us---</subfield></datafield><datafield ind1="1" ind2="0" tag="050"><subfield code="a">ISSN RECORD</subfield></datafield><datafield ind1="1" ind2="4" tag="050"><subfield code="a">BX8201</subfield><subfield code="b">.C5</subfield></datafield><datafield ind1="1" ind2="0" tag="082"><subfield code="a">287</subfield><subfield code="2">14</subfield></datafield><datafield ind1="0" ind2=" " tag="130"><subfield code="a">Christian advocate (New York, N.Y. : 1866)</subfield></datafield><datafield ind1=" " ind2="4" tag="222"><subfield code="a">The Christian advocate</subfield><subfield code="b">(New York, N.Y. 1866)</subfield></datafield><datafield ind1="1" ind2="4" tag="245"><subfield code="a">The Christian advocate.</subfield></datafield><datafield ind1="1" ind2="3" tag="246"><subfield code="a">Christian advocate and journal</subfield></datafield><datafield ind1=" " ind2=" " tag="260"><subfield code="a">New York [N.Y.] :</subfield><subfield code="b">T. Carlton &amp; J. Porter,</subfield><subfield code="c">1866-1938.</subfield></datafield><datafield ind1=" " ind2=" " tag="300"><subfield code="a">v. :</subfield><subfield code="b">ill. ;</subfield><subfield code="c">52-58 cm.</subfield></datafield><datafield ind1=" " ind2=" " tag="310"><subfield code="a">Weekly</subfield></datafield><datafield ind1="0" ind2=" " tag="362"><subfield code="a">Vol. 41, no. 1 (Jan. 4, 1866)-v. 113, no. 6 (Feb. 10, 1938).</subfield></datafield><datafield ind1=" " ind2=" " tag="515"><subfield code="a">Issues for Jan. 4, 1866-Dec. 28, 1916 called also no. 2053-whole no. 4713.</subfield></datafield><datafield ind1=" " ind2=" " tag="525"><subfield code="a">Supplements accompany some issues.</subfield></datafield><datafield ind1=" " ind2=" " tag="530"><subfield code="a">Also issued on microfilm by American Theological Library Association.</subfield></datafield><datafield ind1=" " ind2=" " tag="530"><subfield code="a">Available on microfilm from University Microfilms International (American periodical series: 1800-1850); also available online.</subfield></datafield><datafield ind1=" " ind2=" " tag="550"><subfield code="a">Organ of the Methodist Episcopal Church.</subfield></datafield><datafield ind1="2" ind2="0" tag="610"><subfield code="a">Methodist Episcopal Church</subfield><subfield code="v">Newspapers.</subfield></datafield><datafield ind1=" " ind2="0" tag="650"><subfield code="a">Methodist Church</subfield><subfield code="z">United States</subfield><subfield code="v">Newspapers.</subfield></datafield><datafield ind1=" " ind2="0" tag="651"><subfield code="a">New York (N.Y.)</subfield><subfield code="v">Newspapers.</subfield></datafield><datafield ind1=" " ind2="0" tag="651"><subfield code="a">New York County (N.Y.)</subfield><subfield code="v">Newspapers.</subfield></datafield><datafield ind1=" " ind2="7" tag="655"><subfield code="a">Newspapers.</subfield><subfield code="2">fast</subfield><subfield code="0">(OCoLC)fst01423814</subfield></datafield><datafield ind1="2" ind2="7" tag="610"><subfield code="a">Methodist Episcopal Church.</subfield><subfield code="2">fast</subfield><subfield code="0">(OCoLC)fst00541689</subfield></datafield><datafield ind1=" " ind2="7" tag="650"><subfield code="a">Methodist Church.</subfield><subfield code="2">fast</subfield><subfield code="0">(OCoLC)fst01018643</subfield></datafield><datafield ind1=" " ind2="7" tag="651"><subfield code="a">New York (State)</subfield><subfield code="z">New York.</subfield><subfield code="2">fast</subfield><subfield code="0">(OCoLC)fst01204333</subfield></datafield><datafield ind1=" " ind2="7" tag="651"><subfield code="a">New York (State)</subfield><subfield code="z">New York County.</subfield><subfield code="2">fast</subfield><subfield code="0">(OCoLC)fst01234953</subfield></datafield><datafield ind1=" " ind2="7" tag="651"><subfield code="a">United States.</subfield><subfield code="2">fast</subfield><subfield code="0">(OCoLC)fst01204155</subfield></datafield><datafield ind1="2" ind2=" " tag="710"><subfield code="a">Methodist Episcopal Church.</subfield></datafield><datafield ind1=" " ind2=" " tag="752"><subfield code="a">United States</subfield><subfield code="b">New York</subfield><subfield code="c">New York</subfield><subfield code="d">New York.</subfield></datafield><datafield ind1="1" ind2=" " tag="776"><subfield code="c">Microfilm</subfield><subfield code="d">American Theological Library Association</subfield><subfield code="w">(DLC)sn 77020670</subfield><subfield code="w">(OCoLC)8881967</subfield></datafield><datafield ind1="1" ind2=" " tag="776"><subfield code="t">Christian advocate (New York, N.Y. : 1866 : Online)</subfield><subfield code="w">(DLC)  2007233809</subfield><subfield code="w">(OCoLC)70842533</subfield></datafield><datafield ind1="0" ind2="0" tag="780"><subfield code="t">Christian advocate and journal (New York, N.Y. : 1833)</subfield><subfield code="x">2157-5509</subfield><subfield code="w">(DLC)sn 93063542</subfield><subfield code="w">(OCoLC)6663731</subfield></datafield><datafield ind1="0" ind2="5" tag="780"><subfield code="t">Methodist (New York, N.Y.)</subfield><subfield code="g">1882</subfield><subfield code="w">(DLC)sn 93062870</subfield><subfield code="w">(OCoLC)8823540</subfield></datafield><datafield ind1="0" ind2="5" tag="780"><subfield code="t">Methodist times (Philadelphia, Pa.)</subfield></datafield><datafield ind1="0" ind2="5" tag="780"><subfield code="t">Northern Christian advocate</subfield><subfield code="g">1917</subfield><subfield code="w">(DLC)sn 83030707</subfield><subfield code="w">(OCoLC)9650895</subfield></datafield><datafield ind1="0" ind2="5" tag="780"><subfield code="t">Washington Christian advocate</subfield></datafield><datafield ind1="0" ind2="5" tag="780"><subfield code="t">Christian advocate (New York, N.Y. : 1932)</subfield><subfield code="w">(DLC)   00221255</subfield><subfield code="w">(OCoLC)6635565</subfield></datafield><datafield ind1="0" ind2="0" tag="785"><subfield code="t">Christian advocate (Cincinnati, Ohio : 1938)</subfield><subfield code="w">(DLC)   00221081</subfield><subfield code="w">(OCoLC)6674477</subfield></datafield><datafield ind1="0" ind2="8" tag="776"><subfield code="i">Online version:</subfield><subfield code="t">Christian advocate (New York, N.Y. : 1866)</subfield><subfield code="w">(OCoLC)854089092</subfield></datafield><datafield ind1="4" ind2="1" tag="856"><subfield code="u">http://gateway.proquest.com/openurl?url_ver=Z39.88-2004&amp;res_dat=xri:pqd::hnp&amp;rft_val_fmt=info:ofi/fmt:kev:mtx:journal&amp;rft_dat=xri:pqd:PMID=41750</subfield></datafield></record>